    @misc{Constrained_Quadratic_Risk_Minimisation_Via_FBSDEs,
    author = {Li, Yusong and Zheng, Harry},
    title = {Constrained Quadratic Risk Minimization via Forward and Backward Stochastic Differential Equations},
    year = {2018},
    url = {https://doi.org/10.1137/15M1052457}
}

@misc{Weak_Necessary_and_Sufficient_SMP_for_Markovian_Regime-Switching_Diffusion_Models,
  
  url = {https://arxiv.org/abs/1210.0371},
  author = {Li, Yusong and Zheng, Harry},
  title = {Weak Necessary and Sufficient Stochastic Maximum Principle for Markovian Regime-Switching Diffusion Models},  
  year = {2012},
}

@misc{Duality_Method_for_Multidimensional_Nonsmooth_Constrained_Linear_Convex_Stochastic_Control,
  author = {Engel John Dela Vega and Zheng, Harry},
  title = {Duality Method for Multidimensional Nonsmooth Constrained Linear Convex Stochastic Control},  
  year = {2022},
}

@book{Convex_Optimisation_Theory,
  title={Convex Optimization Theory},
  author={Bertsekas, D.},
  url={https://books.google.co.uk/books?id=0H1iQwAACAAJ},
  year={2009},
  publisher={Athena Scientific}
}

@book{Pham,
  title={Continuous-time Stochastic Control and Optimization with Financial Applications},
  author={Pham, H.},
  year={2009},
  publisher={Springer}
}

@misc{The_Stochastic_Maximum_Principle_for_Linear_Convex_Optimal_Control_with_Random_Coefficients,
    author = {Cadenillas, Abel and Karatzas, Ioannis},
    title = {The Stochastic Maximum Principle for Linear, Convex Optimal Control with Random Coefficients},
    journal = {SIAM Journal on Control and Optimization},
    volume = {33},
    number = {2},
    pages = {590-624},
    year = {1995},
    URL = {https://doi.org/10.1137/S0363012992240722}
}

@misc{Deep_Learning_for_Constrained_Utility_Maximisation,  
	url = {https://doi.org/10.1007%2Fs11009-021-09912-3},
	year = 2021,
	publisher = {Springer Science and Business Media {LLC}
},
  pages = {661--692},
	author = {Ashley Davey and Harry Zheng},
	title = {Deep Learning for Constrained Utility Maximisation}
}

@misc{kirev2023github,
    author = {Kirev, Ivan},
    title = {Stochastic Control in Mathematical Finance},
    year = {2023},
    publisher = {GitHub},
    journal = {GitHub repository},
    howpublished = {\url{https://github.com/ivankirev13/Stochastic-Control-in-Mathematical-Finance}}
}

@misc{Machine_Learning_Approximation_Algorithms,
  
	url = {https://doi.org/10.1007%2Fs00332-018-9525-3},
  
	year = 2019,
	publisher = {Springer Science and Business Media {LLC}
},
  
	volume = {29},
  
	number = {4},
  
	pages = {1563--1619},
  
	author = {Christian Beck and Weinan E and Arnulf Jentzen},
  
	title = {Machine Learning Approximation Algorithms for High-Dimensional Fully Nonlinear Partial Differential Equations and Second-order Backward Stochastic Differential Equations},
  
	journal = {Journal of Nonlinear Science}
}